@article{tusharazhang,
  title={Using Gradient Methods to Predict Twitter Users' Mental Health with Both COVID-19 Growth Patterns and Tweets},
  author={S. T. Sadasivuni and Y. Zhang},
  journal={second IEEE International Conference on Humanized Computing and Communication with Artificial Intelligence (HCCAI 2020) September 21-23, 2020 Irvine, CA, USA 
  }
  }
  


